@article{steinmetz2009testing,
  title={Testing measurement invariance using multigroup CFA: Differences between educational groups in human values measurement},
  author={Steinmetz, Holger and Schmidt, Peter and Tina-Booh, Andrea and Wieczorek, Siegrid and Schwartz, Shalom H},
  journal={Quality \& Quantity},
  volume={43},
  number={4},
  pages={599--616},
  year={2009},
  publisher={Springer}
}