@Manual{R-base,
  title = {R: A Language and Environment for Statistical Computing},
  author = {{R Core Team}},
  organization = {R Foundation for Statistical Computing},
  address = {Vienna, Austria},
  year = {2021},
  url = {https://www.R-project.org/},
}
@Manual{R-careless,
  title = {careless: Procedures for computing indices of careless responding},
  author = {Richard D. Yentes and Francisco Wilhelm},
  year = {2021},
  note = {R package version 1.2.1},
}
@Manual{R-foreign,
  title = {foreign: Read Data Stored by 'Minitab', 'S', 'SAS', 'SPSS', 'Stata',
'Systat', 'Weka', 'dBase', ...},
  author = {{R Core Team}},
  year = {2020},
  note = {R package version 0.8-81},
  url = {https://CRAN.R-project.org/package=foreign},
}
@Manual{R-papaja,
  author = {Frederik Aust and Marius Barth},
  title = {{papaja}: {Create} {APA} manuscripts with {R Markdown}},
  year = {2020},
  note = {R package version 0.1.0.9997},
  url = {https://github.com/crsh/papaja},
}
@Article{R-lavaan,
  title = {{lavaan}: An {R} Package for Structural Equation Modeling},
  author = {Yves Rosseel},
  journal = {Journal of Statistical Software},
  year = {2012},
  volume = {48},
  number = {2},
  pages = {1--36},
  url = {https://www.jstatsoft.org/v48/i02/},
}
@Manual{R-semTools,
  title = {\texttt{semTools}: {U}seful tools for structural equation modeling},
  author = {Terrence D. Jorgensen and Sunthud Pornprasertmanit and Alexander M. Schoemann and Yves Rosseel},
  year = {2021},
  note = {R package version 0.5-5},
  url = {https://CRAN.R-project.org/package=semTools},
}
@Manual{R-corx,
  title = {corx: Create and Format Correlation Matrices},
  author = {James Conigrave},
  year = {2020},
  note = {R package version 1.0.6.1},
  url = {https://CRAN.R-project.org/package=corx},
}
